%! Author = ggarrett
%! Date = 03-11-21

